@misc{1,
  title = {Memory Management},
  howpublished = {\url{http://www.tldp.org/LDP/tlk/mm/memory.html}},
  note = {Accessed: 2017-06-06}
}
@misc{2,
  title = {Paging and Swapping},
  howpublished = {\url{http://www.linux-tutorial.info/modules.php?name=MContent&obj=page&pageid=89}},
  note = {Accessed: 2017-06-06}
}
@misc{3,
  title = {POSIX thread (pthread) libraries},
  howpublished = {\url{http://www.yolinux.com/TUTORIALS/LinuxTutorialPosixThreads.html}},
  note = {Accessed: 2017-06-06}
}
@misc{4,
  title = {Management of Physical Memory},
  howpublished = {\url{https://www.freebsd.org/doc/en/books/arch-handbook/vm.html}},
  note = {Accessed: 2017-06-07}
}
@misc{5,
  title = {A Comparison of the Memory Management sub-systems in FreeBSD and Linux},
  howpublished = {\url{file:///C:/Users/Behnam/Downloads/Documents/aa5e870fdcb525abf7ed5ca40f58cbb007a3.pdf}},
  note = {Accessed: 2017-06-07}
}