@misc{cscedu,
  title = {cs.colombia.edu},
  howpublished = {\url{https://www.cs.columbia.edu/~smb/classes/s06-4118/l13.pdf}},
  note = {Accessed: 2017-05-01}
}