@misc{cscedu,
  title = {cs.colombia.edu},
  howpublished = {\url{https://www.cs.columbia.edu/~smb/classes/s06-4118/l13.pdf}},
  note = {Accessed: 2017-05-01}
}
@misc{cfsmemo,
  title = {[patch] Modular Scheduler Core and Completely Fair Scheduler [CFS]},
  howpublished = {\url{https://lwn.net/Articles/230501/}},
  note = {Accessed: 2017-05-01}
}
@misc{cfshw,
  title = {Inside the Linux 2.6 Completely Fair Scheduler},
  howpublished = {\url{https://www.ibm.com/developerworks/linux/library/l-completely-fair-scheduler/}},
  note = {Accessed: 2017-05-01}
}
@misc{msdnprocess,
  title = {Processes and Threads},
  howpublished = {\url{https://msdn.microsoft.com/en-us/library/windows/desktop/ms684841(v=vs.85).aspx}},
  note = {Accessed: 2017-05-01}
}
@misc{windowscpuscheduling,
  title = {Scheduling},
  howpublished = {\url{https://msdn.microsoft.com/en-us/library/windows/desktop/ms685096(v=vs.85).aspx}},
  note = {Accessed: 2017-05-01}
}
@misc{winconsw,
  title = {Context Switches},
  howpublished = {\url{https://msdn.microsoft.com/en-us/library/windows/desktop/ms682105(v=vs.85).aspx}},
  note = {Accessed: 2017-05-01}
}
@misc{freebsdPD,
  title = {Processes and Daemons},
  howpublished = {\url{https://www.freebsd.org/doc/en_US.ISO8859-1/books/handbook/basics-processes.html}},
  note = {Accessed: 2017-05-01}
}
@misc{freebsdalook,
  title = { A look insideâ€¦},
  howpublished = {\url{https://www.freebsd.org/doc/en_US.ISO8859-1/articles/linux-emulation/inside.html}},
  note = {Accessed: 2017-05-01}
}
@misc{freebsdpdf,
  title = {BFS by Con Kolivas},
  howpublished = {\url{https://vellvisher.github.io/papers_reports/doc/BFS_FreeBSD.pdf}},
  note = {Accessed: 2017-05-01}
}