@misc{cscedu,
  title = {cs.colombia.edu},
  howpublished = {\url{https://www.cs.columbia.edu/~smb/classes/s06-4118/l13.pdf}},
  note = {Accessed: 2017-05-01}
}
@misc{cfsmemo,
  title = {[patch] Modular Scheduler Core and Completely Fair Scheduler [CFS]},
  howpublished = {\url{https://lwn.net/Articles/230501/}},
  note = {Accessed: 2017-05-01}
}
@misc{cfshw,
  title = {Inside the Linux 2.6 Completely Fair Scheduler},
  howpublished = {\url{https://www.ibm.com/developerworks/linux/library/l-completely-fair-scheduler/}},
  note = {Accessed: 2017-05-01}
}
@misc{msdnprocess,
  title = {Processes and Threads},
  howpublished = {\url{https://msdn.microsoft.com/en-us/library/windows/desktop/ms684841(v=vs.85).aspx}},
  note = {Accessed: 2017-05-01}
}
@misc{windowscpuscheduling,
  title = {Scheduling},
  howpublished = {\url{https://msdn.microsoft.com/en-us/library/windows/desktop/ms685096(v=vs.85).aspx}},
  note = {Accessed: 2017-05-01}
}
@misc{winconsw,
  title = {Context Switches},
  howpublished = {\url{https://msdn.microsoft.com/en-us/library/windows/desktop/ms682105(v=vs.85).aspx}},
  note = {Accessed: 2017-05-01}
}
@misc{freebsdPD,
  title = {Processes and Daemons},
  howpublished = {\url{https://www.freebsd.org/doc/en_US.ISO8859-1/books/handbook/basics-processes.html}},
  note = {Accessed: 2017-05-01}
}
@misc{freebsdalook,
  title = { A look insideâ€¦},
  howpublished = {\url{https://www.freebsd.org/doc/en_US.ISO8859-1/articles/linux-emulation/inside.html}},
  note = {Accessed: 2017-05-01}
}
@misc{freebsdpdf,
  title = {BFS by Con Kolivas},
  howpublished = {\url{https://vellvisher.github.io/papers_reports/doc/BFS_FreeBSD.pdf}},
  note = {Accessed: 2017-05-01}
}
@misc{1,
  title = {Data Structures in the Linux Kernel},
  howpublished = {\url{https://0xax.gitbooks.io/linux-insides/content/DataStructures/}},
  note = {Accessed: 2017-05-19}
}
@misc{2,
  title = {VMware Academic Program},
  howpublished = {\url{https://labs.vmware.com/academic/publications/mclock}},
  note = {Accessed: 2017-05-19}
}
@misc{3,
  title = {Budget Fair Queueing (BFQ) Storage-I/O Scheduler},
  howpublished = {\url{http://algo.ing.unimo.it/people/paolo/disk_sched/}},
  note = {Accessed: 2017-05-19}
}
@misc{4,
  title = {blk-mq: Kyber multiqueue I/O scheduler},
  howpublished = {\url{https://lwn.net/Articles/720071/}},
  note = {Accessed: 2017-05-19}
}
@misc{5,
  title = {Cipher algorithm types},
  howpublished = {\url{https://www.kernel.org/doc/html/v4.10/crypto/architecture.html#cipher-algorithm-types}},
  note = {Accessed: 2017-05-19}
}
@misc{6,
  title = {Ciphers And Templates},
  howpublished = {\url{https://www.kernel.org/doc/html/v4.10/crypto/architecture.html#cipher-algorithm-types}},
  note = {Accessed: 2017-05-19}
}
@misc{7,
  title = {I/O request packets},
  howpublished = {\url{https://docs.microsoft.com/en-us/windows-hardware/drivers/gettingstarted/i-o-request-packets}},
  note = {Accessed: 2017-05-19}
}
@misc{8,
  title = {The Microsoft Press Store},
  howpublished = {\url{https://www.microsoftpressstore.com/articles/article.aspx?p=2201309&seqNum=3}},
  note = {Accessed: 2017-05-19}
}
@misc{9,
  title = {Scheduling},
  howpublished = {\url{https://msdn.microsoft.com/en-us/library/windows/desktop/ms685096(v=vs.85).aspx}},
  note = {Accessed: 2017-05-19}
}
@misc{10,
  title = {Cryptographic Service Providers},
  howpublished = {\url{https://msdn.microsoft.com/en-us/library/windows/desktop/aa380245(v=vs.85).aspx}},
  note = {Accessed: 2017-05-19}
}
@misc{11,
  title = {FreeBSD Library Functions Manual},
  howpublished = {\url{https://www.freebsd.org/cgi/man.cgi?query=queue&sektion=3}},
  note = {Accessed: 2017-05-19}
}
@misc{freebsdpdf,
  title = {BFS by Con Kolivas},
  howpublished = {\url{https://vellvisher.github.io/papers_reports/doc/BFS_FreeBSD.pdf}},
  note = {Accessed: 2017-05-01}
}
@misc{12,
  title = {Hardware Crypto Support Status},
  howpublished = {\url{https://www.freebsd.org/news/status/report-2002-11-2002-12.html}},
  note = {Accessed: 2017-05-19}
}
@misc{13,
  title = {FreeBSD Man Pages},
  howpublished = {\url{https://www.freebsd.org/cgi/man.cgi?crypto(3)}},
  note = {Accessed: 2017-05-19}
}
@misc{2-1,
  title = {2-Memory Management},
  howpublished = {2-\url{2-http://www.tldp.org/LDP/tlk/mm/memory.html}},
  note = {2-Accessed: 2017-06-06}
}
@misc{2-2,
  title = {2-Paging and Swapping},
  howpublished = {2-\url{2-http://www.linux-tutorial.info/modules.php?name=MContent&obj=page&pageid=89}},
  note = {2-Accessed: 2017-06-06}
}
@misc{2-3,
  title = {2-POSIX thread (pthread) libraries},
  howpublished = {2-\url{2-http://www.yolinux.com/TUTORIALS/LinuxTutorialPosixThreads.html}},
  note = {2-Accessed: 2017-06-06}
}
@misc{2-4,
  title = {2-Management of Physical Memory},
  howpublished = {2-\url{2-https://www.freebsd.org/doc/en/books/arch-handbook/vm.html}},
  note = {2-Accessed: 2017-06-07}
}
@misc{2-5,
  title = {2-A Comparison of the Memory Management sub-systems in FreeBSD and Linux},
  howpublished = {2-\url{2-file:///C:/Users/Behnam/Downloads/Documents/aa5e870fdcb525abf7ed5ca40f58cbb007a3.pdf}},
  note = {2-Accessed: 2017-06-07}
}