@misc{1,
  title = {Data Structures in the Linux Kernel},
  howpublished = {\url{https://0xax.gitbooks.io/linux-insides/content/DataStructures/}},
  note = {Accessed: 2017-05-19}
}
@misc{2,
  title = {VMware Academic Program},
  howpublished = {\url{https://labs.vmware.com/academic/publications/mclock}},
  note = {Accessed: 2017-05-19}
}
@misc{3,
  title = {Budget Fair Queueing (BFQ) Storage-I/O Scheduler},
  howpublished = {\url{http://algo.ing.unimo.it/people/paolo/disk_sched/}},
  note = {Accessed: 2017-05-19}
}
@misc{4,
  title = {blk-mq: Kyber multiqueue I/O scheduler},
  howpublished = {\url{https://lwn.net/Articles/720071/}},
  note = {Accessed: 2017-05-19}
}
@misc{5,
  title = {Cipher algorithm types},
  howpublished = {\url{https://www.kernel.org/doc/html/v4.10/crypto/architecture.html#cipher-algorithm-types}},
  note = {Accessed: 2017-05-19}
}
@misc{6,
  title = {Ciphers And Templates},
  howpublished = {\url{https://www.kernel.org/doc/html/v4.10/crypto/architecture.html#cipher-algorithm-types}},
  note = {Accessed: 2017-05-19}
}
@misc{7,
  title = {I/O request packets},
  howpublished = {\url{https://docs.microsoft.com/en-us/windows-hardware/drivers/gettingstarted/i-o-request-packets}},
  note = {Accessed: 2017-05-19}
}
@misc{8,
  title = {The Microsoft Press Store},
  howpublished = {\url{https://www.microsoftpressstore.com/articles/article.aspx?p=2201309&seqNum=3}},
  note = {Accessed: 2017-05-19}
}
@misc{9,
  title = {Scheduling},
  howpublished = {\url{https://msdn.microsoft.com/en-us/library/windows/desktop/ms685096(v=vs.85).aspx}},
  note = {Accessed: 2017-05-19}
}
@misc{10,
  title = {Cryptographic Service Providers},
  howpublished = {\url{https://msdn.microsoft.com/en-us/library/windows/desktop/aa380245(v=vs.85).aspx}},
  note = {Accessed: 2017-05-19}
}
@misc{11,
  title = {FreeBSD Library Functions Manual},
  howpublished = {\url{https://www.freebsd.org/cgi/man.cgi?query=queue&sektion=3}},
  note = {Accessed: 2017-05-19}
}
@misc{freebsdpdf,
  title = {BFS by Con Kolivas},
  howpublished = {\url{https://vellvisher.github.io/papers_reports/doc/BFS_FreeBSD.pdf}},
  note = {Accessed: 2017-05-01}
}
@misc{12,
  title = {Hardware Crypto Support Status},
  howpublished = {\url{https://www.freebsd.org/news/status/report-2002-11-2002-12.html}},
  note = {Accessed: 2017-05-19}
}
@misc{13,
  title = {FreeBSD Man Pages},
  howpublished = {\url{https://www.freebsd.org/cgi/man.cgi?crypto(3)}},
  note = {Accessed: 2017-05-19}
}